@ONLINE{bankofengland:2016:online,
	author = {The Bank Of England},
	title = {A brief history of banknotes},
	url = {http://www.bankofengland.co.uk/banknotes/Pages/about/history.aspx},
	year = {2002},
	date = {1 February 2002},
	urldate = {14 January 2017}
}
